@ARTICLE{2014ivoa.spec.0602F,
       author = {{Fernique}, Pierre and {Boch}, Thomas and {Donaldson}, Tom and {Durand
        }, Daniel and {O'Mullane}, Wil and {Reinecke}, Martin and {Taylor}, Mark},
        title = "{MOC - HEALPix Multi-Order Coverage map Version 1.0}",
      journal = {IVOA Recommendation 02 June 2014},
     keywords = {Astrophysics - Instrumentation and Methods for Astrophysics},
    booktitle = {IVOA Recommendation 02 June 201},
         year = "2014",
       editor = {{Fernique}, Pierre},
        month = "Jun",
        pages = {602},
          doi = {10.5479/ADS/bib/2014ivoa.spec.0602F},
       adsurl = {https://ui.adsabs.harvard.edu/abs/2014ivoa.spec.0602F},
      adsnote = {Provided by the SAO/NASA Astrophysics Data System}
}